@book{levin,
author = {Levin, Morten \& Rolfsen, Monica},
title = {Arbeid i Team},
edition = 6,
year = 2012,
publisher = {Fagbokforlaget}
}
@book{wheelan,
author = {Wheelan, Susan A.},
title = {Creating Effective Teams - A Guide for Members and Leaders},
edition = 3,
year = 2009
}
@book{johnson,
author = {Johnson, David \& Johnson, Frank},
title = {Joining Together - Group Theory and Group Skills},
edition = 11,
year = 2013,
}
@book{schwarz,
author = {Schwarz, Roger},
title = {The Skilled Facilitator},
edition = 1,
year = 2002,
}
@book{hjerto,
author = {Hjert√∏, Kjell B.},
title = {TEAM},
edition = 1,
year = 2013,
publisher = {Fagbokforlaget}
}
@book{katzenbach,
author = {Katzenbach, J. R. \& Smith, D.},
title = {The Wiseom of Teams: Creating the High-performance Organization.},
edition = 1,
year = 1993,
publisher = {Harvard Business School Press}
}
